<record><leader>00000cas a22000007a 4500</leader><controlfield tag="001">14238007</controlfield><controlfield tag="008">860919d18901915paudn ne      0    0eng d</controlfield><datafield ind1=" " ind2=" " tag="010"><subfield code="a">sn 88079461 </subfield></datafield><datafield ind1=" " ind2=" " tag="040"><subfield code="a">NPH</subfield><subfield code="b">eng</subfield><subfield code="c">NPH</subfield><subfield code="d">OCLCQ</subfield></datafield><datafield ind1=" " ind2=" " tag="042"><subfield code="a">msc</subfield></datafield><datafield ind1="0" ind2=" " tag="130"><subfield code="a">Morning news (Lancaster, Pa.)</subfield></datafield><datafield ind1="1" ind2="4" tag="245"><subfield code="a">The morning news.</subfield></datafield><datafield ind1="1" ind2="7" tag="246"><subfield code="a">Lancaster morning news</subfield></datafield><datafield ind1=" " ind2=" " tag="260"><subfield code="a">Lancaster, Pa. :</subfield><subfield code="b">[s.n.],</subfield><subfield code="c">1890-1915.</subfield></datafield><datafield ind1=" " ind2=" " tag="300"><subfield code="a">v. :</subfield><subfield code="b">ill. ;</subfield><subfield code="c">56 cm.</subfield></datafield><datafield ind1=" " ind2=" " tag="310"><subfield code="a">Daily (except Sun.)</subfield></datafield><datafield ind1="0" ind2=" " tag="362"><subfield code="a">Vol. 1, no. 1 (Jan. 25, 1890)- ; -no. 7887 (Mar. 6, 1915).</subfield></datafield><datafield ind1=" " ind2=" " tag="500"><subfield code="a">Editors: R.A. Smith &lt;1890-&gt;.</subfield></datafield><datafield ind1=" " ind2=" " tag="752"><subfield code="a">United States</subfield><subfield code="b">Pennsylvania</subfield><subfield code="c">Lancaster</subfield><subfield code="d">Lancaster.</subfield></datafield><datafield ind1="0" ind2="7" tag="785"><subfield code="t">Morning journal (Lancaster, Pa.)</subfield><subfield code="w">(DLC)sn 89077170</subfield></datafield><datafield ind1="0" ind2="7" tag="785"><subfield code="t">News-journal (Lancaster, Pa.)</subfield><subfield code="w">(DLC)sn 87078011</subfield></datafield><datafield ind1="1" ind2=" " tag="029"><subfield code="a">AU@</subfield><subfield code="b">000025789094</subfield></datafield></record>